@article{wkkjps15,
author = {J. Won and G. Kim and J. Kim and T. Jiang and M. Parker and S. Scott},
journal = {Intl. Symp. on High Performance Computer Architecture (HPCA), pp},
pages = {415-427},
title = {Overcoming far-end congestion in large-scale networks},
year = {2015},
}

@article{njd09,
address = {TX, USA},
author = {Nan Jiang,  and John Kim,  and William J. Dally},
journal = {Proceedings of the 36th annual international symposium on Computer architecture},
pages = {20-24},
publisher = {June Austin},
title = {Indirect adaptive routing on large scale interconnection networks},
year = {2009},
}

@book{s05,
address = {Stanford University},
author = {A. Singh},
publisher = {Ph.D. dissertation},
title = {Load-balanced routing in interconnection networks},
year = {2005},
}

@article{Dragonfly,
 author = {Kim, John and Dally, Wiliam J. and Scott, Steve and Abts, Dennis},
 title = {Technology-Driven, Highly-Scalable Dragonfly Topology},
 journal = {SIGARCH Comput. Archit. News},
 issue_date = {June 2008},
 volume = {36},
 number = {3},
 month = jun,
 year = {2008},
 issn = {0163-5964},
 pages = {77--88},
 numpages = {12},
 url = {http://doi.acm.org/10.1145/1394608.1382129},
 doi = {10.1145/1394608.1382129},
 acmid = {1382129},
 publisher = {ACM},
 address = {New York, NY, USA},
 keywords = {interconnection networks, topology, dragonfly},
} 

@INPROCEEDINGS{SuperSim, 
author={N. McDonald and A. Flores and A. Davis and M. Isaev and J. Kim and D. Gibson}, 
booktitle={2018 IEEE International Symposium on Performance Analysis of Systems and Software (ISPASS)}, 
title={SuperSim: Extensible Flit-Level Simulation of Large-Scale Interconnection Networks}, 
year={2018}, 
volume={}, 
number={}, 
pages={87-98}, 
keywords={optimisation;parallel processing;telecommunication network routing;low-diameter networks;design space exploration;SuperSim;open-source flit-level interconnection network simulator;large-scale highperformance networks;programmer-centric simulation framework;large-scale interconnection networks;extensible flit-level simulation;modern largescale computing systems;intelligent adaptive routing algorithms;Tools;Clocks;Multiprocessor interconnection;Computational modeling;Microarchitecture;Analytical models;simulation;modeling;network;architecture}, 
doi={10.1109/ISPASS.2018.00017}, 
ISSN={}, 
month={April},}

@INPROCEEDINGS{HyperX, 
author={J. H. Ahn and N. Binkert and A. Davis and M. McLaren and R. S. Schreiber}, 
booktitle={Proceedings of the Conference on High Performance Computing Networking, Storage and Analysis}, 
title={HyperX: topology, routing, and packaging of efficient large-scale networks}, 
year={2009}, 
volume={}, 
number={}, 
pages={1-11}, 
keywords={digital arithmetic;hypercube networks;multistage interconnection networks;network routing;network topology;search problems;folded Clos;system cost reduction;HyperX packaging scheme;exascale HyperX;low cost packaging strategy;optimal HyperX configurations;search method;formal descriptive framework;integrated photonics;high-radix switch components;DAL;adaptive routing algorithm;flattened butterfly topology;hypercube;interconnect structures;single-core performance;cores-per-socket;exascale performance;large-scale networks;network packaging;network routing;network topology;exascale networks}, 
doi={10.1145/1654059.1654101}, 
ISSN={2167-4329}, 
month={Nov},}